@misc{wikipedia,
	title = {{Wikipedia - QR-Code}},
	howpublished = {\url{https://de.wikipedia.org/wiki/QR-Code}},
	note = {\newline Accessed: 2017-03-21}
}

@misc{qrCode,
	title = {{How-To: QR-Code}},
	howpublished = {\url{http://www.philippreiss.com/how-to-qr-code/}},
	note = {\newline Accessed: 2017-03-21}
}

@inproceedings{gu2011qr,
  title={QR code recognition based on image processing},
  author={Gu, Yunhua and Zhang, Weixiang},
  booktitle={Information Science and Technology (ICIST), 2011 International Conference on},
  pages={733--736},
  year={2011},
  organization={IEEE}
}

@inproceedings{belussi2011fast,
  title={Fast QR code detection in arbitrarily acquired images},
  author={Belussi, Luiz and Hirata, Nina},
  booktitle={Graphics, Patterns and Images (Sibgrapi), 2011 24th SIBGRAPI Conference on},
  pages={281--288},
  year={2011},
  organization={IEEE}
}

@article{computervision,
  author = {Jiang, Xiaoyi},
  institution = {Westf채lische Wilhelms-Universit채t},
  journal={Vorlesungsunterlagen},
  year = {2016/2017},
  title = {Computer {V}ision an der {W}estf채lische {W}ilhelms-{U}niversit채t},
}
